@article{yang_liu_zhao_vaidya, title={A vehicle-to-vehicle communication protocol for cooperative collision warning}, DOI={10.1109/mobiq.2004.1331717}, journal={The First Annual International Conference on Mobile and Ubiquitous Systems: Networking and Services, 2004. MOBIQUITOUS 2004.}, author={Yang, Xue and Liu, Jie and Zhao, Feng and Vaidya, N.h.}}

 @article{tuohy_glavin_hughes_jones_trivedi_kilmartin_2015, title={Intra-Vehicle Networks: A Review}, volume={16}, DOI={10.1109/tits.2014.2320605}, number={2}, journal={IEEE Trans. Intell. Transport. Syst. IEEE Transactions on Intelligent Transportation Systems}, author={Tuohy, Shane and Glavin, Martin and Hughes, Ciaran and Jones, Edward and Trivedi, Mohan and Kilmartin, Liam}, year={2015}, pages={534–545}}
 
 @book{nisan_2007, place={Cambridge}, title={Algorithmic game theory}, publisher={Cambridge University Press}, author={Nisan, Noam}, year={2007}}

 @article{caragliu_bo_nijkamp_2011, title={Smart Cities in Europe}, volume={18}, DOI={10.1080/10630732.2011.601117}, number={2}, journal={Journal of Urban Technology}, author={Caragliu, Andrea and Bo, Chiara Del and Nijkamp, Peter}, year={2011}, pages={65–82}} 
 
 @article{shapiro_2005, title={Smart Cities: Quality of Life, Productivity, and the Growth Effects of Human Capital}, DOI={10.3386/w11615}, journal={MIT Press journals}, author={Shapiro, Jesse}, year={2005}}

 @article{zanella_bui_castellani_vangelista_zorzi_2014, title={Internet of Things for Smart Cities}, volume={1}, DOI={10.1109/jiot.2014.2306328}, number={1}, journal={IEEE Internet of Things Journal}, author={Zanella, Andrea and Bui, Nicola and Castellani, Angelo and Vangelista, Lorenzo and Zorzi, Michele}, year={2014}, pages={22–32}}

 @book{townsend_2013, place={New York}, title={Smart cities: big data, civic hackers, and the quest for a new utopia}, publisher={W.W. Norton and Company}, author={Townsend, Anthony M.}, year={2013}}
 
 @article{lenior_janssen_neerincx_schreibers_2006, title={Human-factors engineering for smart transport: Decision support for car drivers and train traffic controllers}, volume={37}, DOI={10.1016/j.apergo.2006.04.021}, number={4}, journal={Applied Ergonomics}, author={Lenior, Dick and Janssen, Wiel and Neerincx, Mark and Schreibers, Kirsten}, year={2006}, pages={479–490}}
